@inproceedings{Jones06WWW,
 author = {Jones, Rosie and Rey, Benjamin and Madani, Omid and Greiner, Wiley},
  title = {Generating Query Substitutions},
	 booktitle = {Proceedings of the 15th International Conference on World Wide Web (WWW)},
		 year = {2006},
						 publisher = {ACM},
							 }


@inproceedings{Song11SIGIR,
 author = {Song, Yang and Zhou, Dengyong and He, Li-wei},
  title = {Post-ranking Query Suggestion by Diversifying Search Results},
	 booktitle = {Proceedings of the 34th International ACM SIGIR Conference on Research and Development in Information Retrieval (SIGIR)},
		 year = {2011},
						 publisher = {ACM},
							 }


							 @inproceedings{Song12WSDM,
							  author = {Song, Yang and Zhou, Dengyong and He, Li-wei},
								 title = {Query Suggestion by Constructing Term-transition Graphs},
								  booktitle = {Proceedings of the Fifth ACM International Conference on Web Search and Data Mining (WSDM)},
									  year = {2012},
													  publisher = {ACM},
															} 


@inproceedings{Jain11SIGIR,
 author = {Jain, Alpa and Ozertem, Umut and Velipasaoglu, Emre},
  title = {Synthesizing High Utility Suggestions for Rare Web Search Queries},
	 booktitle = {Proceedings of the 34th International ACM SIGIR Conference on Research and Development in Information Retrieval},
		 year = {2011},
						 publisher = {ACM},
							 } 


@article{Andoni06FOCS,
				author = {Andoni, Alexandr and Indyk, Piotr},
				booktitle = {Proceedings of the Symposium on Foundations of Computer Science (FOCS)},
				title = {{Near-optimal hashing algorithms for approximate nearest neighbor in high dimensions}},
				year = {2006}
}

@article{Andoni08CACM,
				author = {Andoni, Alexandr and Indyk, Piotr},
				journal = {Communications of the ACM},
				publisher = {ACM},
				title = {{Near-optimal hashing algorithms for approximate nearest neighbor in high dimensions}},
				year = {2008}
}


@INPROCEEDINGS{Charikar02STOC,
				author = {Moses S. Charikar},
				title = {Similarity estimation techniques from rounding algorithms},
				booktitle = {Proceedings of the thiry-fourth annual ACM symposium on Theory of computing},
				series = {STOC},
				year = {2002},
}

@inproceedings{Indyk98STOC,
				author = {Indyk, Piotr and Motwani, Rajeev},
				title = {Approximate nearest neighbors: towards removing the curse of dimensionality},
				booktitle = {Proceedings of the thirtieth annual ACM symposium on Theory of computing},
				series = {STOC},
				year = {1998},
} 


@inproceedings{LvVLDB07,
		 author = {Lv, Qin and Josephson, William and Wang, Zhe and Charikar, Moses and Li, Kai},
		  title = {Multi-probe LSH: efficient indexing for high-dimensional similarity search},
			 booktitle = {Proceedings of the 33rd international conference on Very large data bases (VLDB)},
				 year = {2007},
}

@inproceedings{Pass06,
		  author = {Pass, Greg and Chowdhury, Abdur and Torgeson, Cayley},
				  booktitle = {InfoScale '06: Proceedings of the 1st international conference on Scalable information systems},
													  publisher = {ACM Press},
															  title = {A picture of search},
																	  year = 2006
																		}

